@book{womak:lean-thinking,
    author  = {James P. Womack, Daniel T. Jones},
    title   = {Lean Thinking, Second Editon},
    publisher = {Simon \& Schuster, Inc.},
    year    = {2010}
}

@online{site:agile-manifesto,
    title   = {VISIONEIMPRESA s.r.l. Societ√† Benefit, pagina software},
    url     = {https://www.vsh.it/i-nostri-software/}
}
